@article{Naranjo2023ADA,
 author="Guzm{\'a}n Naranjo, Matias and Bonami, Olivier",
 title="A distributional assessment of rivalry in word formation",
 journal="Word Structure",
 year="2023"
}

@article{nagano2022affixal,
 author="Nagano, A",
 title="Affixal rivalry and its purely semantic resolution among English derived adjectives",
 journal="Journal of Linguistics",
 pages="1--32",
 year="2022",
 publisher="Cambridge University Press",
 doi="10.1017/S0022226722000147"
}

@misc{faruqui2015retrofitting,
 author="Faruqui, Manaal and Dodge, Jesse and Jauhar, Sujay K. and Dyer, Chris and Hovy, Eduard and Smith, Noah A.",
 title="Retrofitting Word Vectors to Semantic Lexicons", 
 year="2015",
 eprint="1411.4166",
 archivePrefix="arXiv",
 primaryClass="cs.CL"
}